<record><leader>00000cas a22000007a 4500</leader><controlfield tag="001">11956131</controlfield><controlfield tag="008">850424d19091930utuir ne      0    0eng d</controlfield><datafield ind1=" " ind2=" " tag="010"><subfield code="a">sn 85058109 </subfield></datafield><datafield ind1=" " ind2=" " tag="040"><subfield code="a">UNP</subfield><subfield code="b">eng</subfield><subfield code="c">UNP</subfield><subfield code="d">UBY</subfield><subfield code="d">OCLCQ</subfield><subfield code="d">OCLCF</subfield><subfield code="d">OCLCO</subfield></datafield><datafield ind1="1" ind2=" " tag="029"><subfield code="a">AU@</subfield><subfield code="b">000025806044</subfield></datafield><datafield ind1=" " ind2=" " tag="042"><subfield code="a">msc</subfield></datafield><datafield ind1=" " ind2=" " tag="043"><subfield code="a">n-us-ut</subfield></datafield><datafield ind1="0" ind2=" " tag="130"><subfield code="a">Box Elder journal (Brigham City, Utah : 1909)</subfield></datafield><datafield ind1="1" ind2="4" tag="245"><subfield code="a">The Box Elder journal.</subfield></datafield><datafield ind1="1" ind2="3" tag="246"><subfield code="a">Thrice-a-week journal</subfield><subfield code="f">Dec. 3, 1917-Dec. 10, 1917</subfield></datafield><datafield ind1=" " ind2=" " tag="260"><subfield code="a">Brigham City, Utah :</subfield><subfield code="b">B.H. Jones &amp; J.E. Mangum</subfield></datafield><datafield ind1=" " ind2=" " tag="300"><subfield code="a">v. :</subfield><subfield code="b">ill. ;</subfield><subfield code="c">54 cm.</subfield></datafield><datafield ind1=" " ind2=" " tag="310"><subfield code="a">Triweekly,</subfield><subfield code="b">1917-1922, 1927-1930</subfield></datafield><datafield ind1=" " ind2=" " tag="321"><subfield code="a">Weekly,</subfield><subfield code="b">&lt;1910-1917&gt;, May 26, 1927-Dec. 24, 1927</subfield></datafield><datafield ind1=" " ind2=" " tag="321"><subfield code="a">Semiweekly,</subfield><subfield code="b">1922-1927</subfield></datafield><datafield ind1="1" ind2=" " tag="362"><subfield code="a">Began with Jan. 15, 1909 issue.</subfield><subfield code="z">Cf. Alter J.C., Early Utah journalism.</subfield></datafield><datafield ind1="0" ind2=" " tag="362"><subfield code="a">-v. 21, no. 56 (May 16, 1930).</subfield></datafield><datafield ind1=" " ind2=" " tag="588"><subfield code="a">Description based on: Vol. 1, no. 52 (Jan. 6, 1910).</subfield></datafield><datafield ind1=" " ind2="0" tag="651"><subfield code="a">Box Elder County (Utah)</subfield><subfield code="v">Newspapers.</subfield></datafield><datafield ind1=" " ind2="0" tag="651"><subfield code="a">Brigham City (Utah)</subfield><subfield code="v">Newspapers.</subfield></datafield><datafield ind1=" " ind2="7" tag="655"><subfield code="a">Newspapers.</subfield><subfield code="2">fast</subfield><subfield code="0">(OCoLC)fst01423814</subfield></datafield><datafield ind1=" " ind2="7" tag="651"><subfield code="a">Utah</subfield><subfield code="z">Box Elder County.</subfield><subfield code="2">fast</subfield><subfield code="0">(OCoLC)fst01218055</subfield></datafield><datafield ind1=" " ind2="7" tag="651"><subfield code="a">Utah</subfield><subfield code="z">Brigham City.</subfield><subfield code="2">fast</subfield><subfield code="0">(OCoLC)fst01208648</subfield></datafield><datafield ind1=" " ind2=" " tag="752"><subfield code="a">United States</subfield><subfield code="b">Utah</subfield><subfield code="c">Box Elder</subfield><subfield code="d">Brigham City.</subfield></datafield><datafield ind1="0" ind2="0" tag="785"><subfield code="t">Daily Box Elder journal</subfield><subfield code="w">(DLC)sn 85058110</subfield><subfield code="w">(OCoLC)11956150</subfield></datafield></record>